<record><leader>00000cas a22000007a 4500</leader><controlfield tag="001">31110167</controlfield><controlfield tag="008">940914u19uuuuuuakuwn ne      0    0eng d</controlfield><datafield ind1=" " ind2=" " tag="010"><subfield code="a">sn 95060020 </subfield></datafield><datafield ind1=" " ind2=" " tag="040"><subfield code="a">UAF</subfield><subfield code="b">eng</subfield><subfield code="c">UAF</subfield><subfield code="d">ANE</subfield><subfield code="d">XYZ</subfield><subfield code="d">OCLCQ</subfield></datafield><datafield ind1=" " ind2=" " tag="042"><subfield code="a">msc</subfield></datafield><datafield ind1=" " ind2=" " tag="043"><subfield code="a">n-us-ak</subfield></datafield><datafield ind1="0" ind2="0" tag="245"><subfield code="a">Arctic Village echoes.</subfield></datafield><datafield ind1=" " ind2=" " tag="260"><subfield code="a">[Arctic Village, Alaska :</subfield><subfield code="b">s.n.]</subfield></datafield><datafield ind1=" " ind2=" " tag="300"><subfield code="a">v.</subfield></datafield><datafield ind1=" " ind2=" " tag="310"><subfield code="a">Weekly during school year</subfield></datafield><datafield ind1=" " ind2=" " tag="515"><subfield code="a">Issue numbering irregular; many issues lack numbering designations.</subfield></datafield><datafield ind1=" " ind2=" " tag="588"><subfield code="a">Description based on: Oct. 21, 1969.</subfield></datafield><datafield ind1=" " ind2="0" tag="651"><subfield code="a">Arctic Village (Alaska)</subfield><subfield code="v">Periodicals.</subfield></datafield><datafield ind1=" " ind2=" " tag="752"><subfield code="a">United States</subfield><subfield code="b">Alaska</subfield><subfield code="d">Arctic Village.</subfield></datafield><datafield ind1="1" ind2=" " tag="029"><subfield code="a">AU@</subfield><subfield code="b">000025853700</subfield></datafield></record>